@conference{BDM,
author = {Boutsidis, Christos and Drineas, Petros and Magdon-Ismail, Malik},
title = {Near-Optimal Column-Based Matrix Reconstruction},
booktitle = {http://arxiv.org/abs/1103.0995v2},
year = {2012}
}

@conference{FT,
author = {Friedland, S. and Torokhti, A.},
title = {Generalized rank-constrained matrix approximations},
booktitle = {http://arxiv.org/pdf/math/0603674v1.pdf},
year = {2006}
}

@conference{HJ,
author = {Horn, Roger A. and Johnson, Charles R.},
title = {Matrix Analysis},
booktitle = {Cambridge University Press},
year = {1990}
}

@conference{SR,
author = {Sou, Kin Cheong and Rantzer, Anders},
title = {On a Generalized Matrix Approximation Problem in the Spectral Norm},
booktitle = {Linear Algebra and its Applications, 436 (2331-2341)},
year = {2012}
}

@conference{ZDG,
author = {Zhou, K. and Doyle, J. and Glover, K.},
title = {Robust and Optimal Control},
booktitle = {Prentice Hall},
year = {1996}
}
